% Exemplos de referÃªncias podem ser encontrados em: https://verbosus.com/bibtex-style-examples.html

@article{miranda2009surface,
  title={Surface mesh regeneration considering curvatures},
  author={Miranda, Antonio CO and Martha, Luiz Fernando and Wawrzynek, Paul A and Ingraffea, Anthony R},
  journal={Engineering with Computers},
  volume={25},
  number={2},
  pages={207},
  year={2009},
  publisher={Springer}
}

@inproceedings{fleishman2003bilateral,
  title={Bilateral mesh denoising},
  author={Fleishman, Shachar and Drori, Iddo and Cohen-Or, Daniel},
  booktitle={ACM transactions on graphics (TOG)},
  volume={22},
  number={3},
  pages={950--953},
  year={2003},
  organization={ACM}
}

@inproceedings{jones2003non,
  title={Non-iterative, feature-preserving mesh smoothing},
  author={Jones, Thouis R and Durand, Fr{\'e}do and Desbrun, Mathieu},
  booktitle={ACM Transactions on Graphics (TOG)},
  volume={22},
  number={3},
  pages={943--949},
  year={2003},
  organization={ACM}
}

@inproceedings{zhang2015guided,
  title={Guided mesh normal filtering},
  author={Zhang, Wangyu and Deng, Bailin and Zhang, Juyong and Bouaziz, Sofien and Liu, Ligang},
  booktitle={Computer Graphics Forum},
  volume={34},
  number={7},
  pages={23--34},
  year={2015},
  organization={Wiley Online Library}
}

@article{sun2007fast,
  title={Fast and effective feature-preserving mesh denoising},
  author={Sun, Xianfang and Rosin, Paul and Martin, Ralph and Langbein, Frank},
  journal={IEEE transactions on visualization and computer graphics},
  volume={13},
  number={5},
  year={2007},
  publisher={IEEE}
}

@article{sun2008random,
  title={Random walks for feature-preserving mesh denoising},
  author={Sun, Xianfang and Rosin, Paul L and Martin, Ralph R and Langbein, Frank C},
  journal={Computer Aided Geometric Design},
  volume={25},
  number={7},
  pages={437--456},
  year={2008},
  publisher={Elsevier}
}


@article{zheng2011bilateral,
  title={Bilateral normal filtering for mesh denoising},
  author={Zheng, Youyi and Fu, Hongbo and Au, Oscar Kin-Chung and Tai, Chiew-Lan},
  journal={IEEE Transactions on Visualization and Computer Graphics},
  volume={17},
  number={10},
  pages={1521--1530},
  year={2011},
  publisher={IEEE}
}

@inproceedings{cignoni1998metro,
  title={Metro: Measuring error on simplified surfaces},
  author={Cignoni, Paolo and Rocchini, Claudio and Scopigno, Roberto},
  booktitle={Computer Graphics Forum},
  volume={17},
  number={2},
  pages={167--174},
  year={1998},
  organization={Wiley Online Library}
}


@inproceedings{vollmer1999improved,
  title={Improved laplacian smoothing of noisy surface meshes},
  author={Vollmer, J{\"o}rg and Mencl, Robert and Mueller, Heinrich},
  booktitle={Computer graphics forum},
  volume={18},
  number={3},
  pages={131--138},
  year={1999},
  organization={Wiley Online Library}
}

@article{liu2007non,
  title={Non-iterative approach for global mesh optimization},
  author={Liu, Ligang and Tai, Chiew-Lan and Ji, Zhongping and Wang, Guojin},
  journal={Computer-Aided Design},
  volume={39},
  number={9},
  pages={772--782},
  year={2007},
  publisher={Elsevier}
}

@inproceedings{tomasi1998bilateral,
  title={Bilateral filtering for gray and color images},
  author={Tomasi, Carlo and Manduchi, Roberto},
  booktitle={Computer Vision, 1998. Sixth International Conference on},
  pages={839--846},
  year={1998},
  organization={IEEE}
}

@article{solomon2014general,
  title={A general framework for bilateral and mean shift filtering},
  author={Solomon, Justin and Crane, Keenan and Butscher, Adrian and Wojtan, Chris},
  journal={arXiv preprint arXiv:1405.4734},
  year={2014}
}


@article{eisemann2004flash,
  title={Flash photography enhancement via intrinsic relighting},
  author={Eisemann, Elmar and Durand, Fr{\'e}do},
  journal={ACM transactions on graphics (TOG)},
  volume={23},
  number={3},
  pages={673--678},
  year={2004},
  publisher={ACM}
}

@article{petschnigg2004digital,
  title={Digital photography with flash and no-flash image pairs},
  author={Petschnigg, Georg and Szeliski, Richard and Agrawala, Maneesh and Cohen, Michael and Hoppe, Hugues and Toyama, Kentaro},
  journal={ACM transactions on graphics (TOG)},
  volume={23},
  number={3},
  pages={664--672},
  year={2004},
  publisher={ACM}
}

@inproceedings{yagou2002mesh,
  title={Mesh smoothing via mean and median filtering applied to face normals},
  author={Yagou, Hirokazu and Ohtake, Yutaka and Belyaev, Alexander},
  booktitle={Geometric Modeling and Processing, 2002. Proceedings},
  pages={124--131},
  year={2002},
  organization={IEEE}
}

@article{chen2005sharpness,
  title={A sharpness dependent filter for mesh smoothing},
  author={Chen, Chun-Yen and Cheng, Kuo-Young},
  journal={Computer Aided Geometric Design},
  volume={22},
  number={5},
  pages={376--391},
  year={2005},
  publisher={Elsevier}
}

@article{wei2013feature,
  title={Feature-preserving optimization for noisy mesh using joint bilateral filter and constrained Laplacian smoothing},
  author={Wei, Mingqiang and Shen, Wuyao and Qin, Jing and Wu, Jianhuang and Wong, Tien-Tsin and Heng, Pheng-Ann},
  journal={Optics and Lasers in Engineering},
  volume={51},
  number={11},
  pages={1223--1234},
  year={2013},
  publisher={Elsevier}
}


@article{attene2013polygon,
  title={Polygon mesh repairing: An application perspective},
  author={Attene, Marco and Campen, Marcel and Kobbelt, Leif},
  journal={ACM Computing Surveys (CSUR)},
  volume={45},
  number={2},
  pages={15},
  year={2013},
  publisher={ACM}
}

@article{zhao2007robust,
  title={A robust hole-filling algorithm for triangular mesh},
  author={Zhao, Wei and Gao, Shuming and Lin, Hongwei},
  journal={The Visual Computer},
  volume={23},
  number={12},
  pages={987--997},
  year={2007},
  publisher={Springer}
}
